%%%%%%%%%%%%%%%%%%%%%%%%%%%%%%%%%%%%%%%%%%%%%%%%%%%%%%%%%%%
%
% STRINGS.
%
%%%%%%%%%%%%%%%%%%%%%%%%%%%%%%%%%%%%%%%%%%%%%%%%%%%%%%%%%%%

% Journal names.


%%%%%%%%%%%%%%%%%%%%%%%%%%%%%%%%%%%%%%%%%%%%%%%%%%%%%%%%%%%
%
% Templates.
%
%%%%%%%%%%%%%%%%%%%%%%%%%%%%%%%%%%%%%%%%%%%%%%%%%%%%%%%%%%%

% Use author's name as they appear in the article!
%
%article{ref:a,
%	author			= {},
%	title			= {},
%	booktitle		= {},
%	journal			= {},
%	volume			= {},
%	number			= {},
%	month			= {},
%	year			= {},
%	pages			= {},
%	organization	= {},
%	address			= {},
%	issn			= {},
%	speid			= {SPE },
%	abstract		= {}
%}



@webhref{ref:hirthsistema,
	author			= {Hirth Sistema},
	title			= {Detail of {H}irth Serrations},
	websitename		= {Hirth Sistema},
	year			= {2021},
	url				= {http://www.hirthsistema.com/}
}

@webhref{ref:wikipedia,
	author			= {Pfedelbacher},
	title			= {Hirth joint made from anodized aluminum to show the meshing of the teeth},
	websitename		= {Wikipedia},
	year			= {2021},
	url				= {https://en.wikipedia.org/wiki/Hirth{\_}joint}
}
